<?xml version="1.0" encoding="UTF-8"?><record xmlns="http://www.loc.gov/MARC21/slim" xmlns:cinclude="http://apache.org/cocoon/include/1.0" xmlns:zs="http://www.loc.gov/zing/srw/">
  <leader>00604cz  a2200157n  4500</leader>
  <controlfield tag="001">no 00089533 </controlfield>
  <controlfield tag="003">DLC</controlfield>
  <controlfield tag="005">20130320084204.0</controlfield>
  <controlfield tag="008">001101n| azannaab           |a aaa     c</controlfield>
  <datafield tag="010" ind1=" " ind2=" ">
    <subfield code="a">no 00089533 </subfield>
  </datafield>
  <datafield tag="035" ind1=" " ind2=" ">
    <subfield code="a">(OCoLC)oca05346223</subfield>
  </datafield>
  <datafield tag="040" ind1=" " ind2=" ">
    <subfield code="a">OOC</subfield>
    <subfield code="b">eng</subfield>
    <subfield code="e">rda</subfield>
    <subfield code="c">OOC</subfield>
    <subfield code="d">DLC</subfield>
  </datafield>
  <datafield tag="100" ind1="1" ind2=" ">
    <subfield code="a">Morton, Robert,</subfield>
    <subfield code="d">-approximately 1475.</subfield>
    <subfield code="t">Souvenir de vous me tue</subfield>
  </datafield>
  <datafield tag="400" ind1="1" ind2=" ">
    <subfield code="w">nnea</subfield>
    <subfield code="a">Morton, Robert,</subfield>
    <subfield code="d">d. ca. 1475.</subfield>
    <subfield code="t">Souvenir de vous me tue</subfield>
  </datafield>
  <datafield tag="670" ind1=" " ind2=" ">
    <subfield code="a">Ferrara Ensemble. The whyte rose [SR] p1999:</subfield>
    <subfield code="b">container (Le souvenir de vous me tue / Robert Morton) insert (rondeau)</subfield>
  </datafield>
  <datafield tag="670" ind1=" " ind2=" ">
    <subfield code="a">New Grove</subfield>
    <subfield code="b">(Le souvenir de vous me tue; 3vv)</subfield>
  </datafield>
</record>